@book{lam1994,
	title =		"\LaTeX: A Document Preparation System",
	edition =	"Second",
	author =	"Leslie Lamport",
	publisher =	"Addison-Wesley Publishing Company",
	year =		"1994",
	isbn =		"0-201-52983-1",
}

@inproceedings{LastName1996,
	author =	"FirstName LastName and FirstName I. LastName and
			 F.N. {LastName Jr.}",
	title =		"Conference Paper {MUN} Title",
	booktitle =	"Proceedings of the Conference of Sample Conferences",
	month =		"Apr.",
	year =		"1996",
	pages =		"100--110",
	doi =		"put a real doi here, if you want.",
}

@article{xxx,
	author    = "Yoshua Bengio",
	title     = "Practical recommendations for gradient-based training of deep architectures",
	Conferences",
	journal   = "CoRR",
	volume    = "abs/1206.5533",
	year      = "2012",
}


@article{lecun-mnisthandwrittendigit-2010,
	added-at = {2010-06-28T21:16:30.000+0200},
	author = {LeCun, Yann and Cortes, Corinna},
	biburl = {http://www.bibsonomy.org/bibtex/2935bad99fa1f65e03c25b315aa3c1032/mhwombat},
	groups = {public},
	howpublished = {http://yann.lecun.com/exdb/mnist/},
	interhash = {21b9d0558bd66279df9452562df6e6f3},
	intrahash = {935bad99fa1f65e03c25b315aa3c1032},
	keywords = {MSc _checked character_recognition mnist network neural},
	lastchecked = {2016-01-14 14:24:11},
	timestamp = {2016-07-12T19:25:30.000+0200},
	title = {{MNIST} handwritten digit database},
	url = {http://yann.lecun.com/exdb/mnist/},
	username = {mhwombat},
	year = 2010
}

@TECHREPORT{Krizhevsky09learningmultiple,
	author = {Alex Krizhevsky},
	title = {Learning multiple layers of features from tiny images},
	institution = {},
	year = {2009}
}

@misc{chollet2015,
	author = {François Chollet },
	title = {keras},
	year = {2015},
	publisher = {GitHub},
	journal = {GitHub repository},
	howpublished = {\url{https://github.com/fchollet/keras}},
	commit = {5bcac37}
}

@ARTICLE{2016arXiv160502688short,
	author = {{Theano Development Team}},
	title = "{Theano: A {Python} framework for fast computation of mathematical expressions}",
	journal = {arXiv e-prints},
	volume = {abs/1605.02688},
	primaryClass = "cs.SC",
	keywords = {Computer Science - Symbolic Computation, Computer Science - Learning, Computer Science - Mathematical Software},
	year = 2016,
	month = may,
	url = {http://arxiv.org/abs/1605.02688},
}

@ARTICLE{Rosenblatt58theperceptron:,
	author = {F. Rosenblatt},
	title = {The Perceptron: A Probabilistic Model for Information Storage and Organization in The Brain},
	journal = {Psychological Review},
	year = {1958},
	pages = {65--386}
}

@INPROCEEDINGS{Lecun98gradient-basedlearning,
	author = {Yann Lecun and Léon Bottou and Yoshua Bengio and Patrick Haffner},
	title = {Gradient-based learning applied to document recognition},
	booktitle = {Proceedings of the IEEE},
	year = {1998},
	pages = {2278--2324}
}

@inproceedings{LeCun:1998:EB:645754.668382,
	author = {LeCun, Yann and Bottou, L{\'e}on and Orr, Genevieve B. and M\"{u}ller, Klaus-Robert},
	title = {Effiicient BackProp},
	booktitle = {Neural Networks: Tricks of the Trade, This Book is an Outgrowth of a 1996 NIPS Workshop},
	year = {1998},
	isbn = {3-540-65311-2},
	pages = {9--50},
	numpages = {42},
	url = {http://dl.acm.org/citation.cfm?id=645754.668382},
	acmid = {668382},
	publisher = {Springer-Verlag},
	address = {London, UK, UK},
}


@inproceedings{LeCun:1998:EB:645754.668382,
	author = {LeCun, Yann and Bottou, L{\'e}on and Orr, Genevieve B. and M\"{u}ller, Klaus-Robert},
	title = {Effiicient BackProp},
	booktitle = {Neural Networks: Tricks of the Trade, This Book is an Outgrowth of a 1996 NIPS Workshop},
	year = {1998},
	isbn = {3-540-65311-2},
	pages = {9--50},
	numpages = {42},
	url = {http://dl.acm.org/citation.cfm?id=645754.668382},
	acmid = {668382},
	publisher = {Springer-Verlag},
	address = {London, UK, UK},
} 


@incollection{Rumelhart,
	author = {Rumelhart, David E. and Hinton, Geoffrey E. and Williams, Ronald J.},
	chapter = {Learning Representations by Back-propagating Errors},
	title = {Neurocomputing: Foundations of Research},
	editor = {Anderson, James A. and Rosenfeld, Edward},
	year = {1988},
	isbn = {0-262-01097-6},
	pages = {696--699},
	numpages = {4},
	url = {http://dl.acm.org/citation.cfm?id=65669.104451},
	acmid = {104451},
	publisher = {MIT Press},
	address = {Cambridge, MA, USA},
} 

@incollection{NIPS1996_1257,
	title = {Removing Noise in On-Line Search using Adaptive Batch Sizes},
	author = {Genevieve B. Orr},
	booktitle = {Advances in Neural Information Processing Systems 9},
	editor = {M. I. Jordan and T. Petsche},
	pages = {232--238},
	year = {1997},
	publisher = {MIT Press},
	url = {http://papers.nips.cc/paper/1257-removing-noise-in-on-line-search-using-adaptive-batch-sizes.pdf}
}


@article{Bergstra,
	author = {Bergstra, James and Bengio, Yoshua},
	title = {Random Search for Hyper-parameter Optimization},
	journal = {J. Mach. Learn. Res.},
	issue_date = {January 2012},
	volume = {13},
	number = {1},
	month = feb,
	year = {2012},
	issn = {1532-4435},
	pages = {281--305},
	numpages = {25},
	url = {http://dl.acm.org/citation.cfm?id=2503308.2188395},
	acmid = {2188395},
	publisher = {JMLR.org},
	keywords = {deep learning, global optimization, model selection, neural networks, response surface modeling},
} 

@Inbook{Hinton2012,
	author="Hinton, Geoffrey E.",
	editor="Montavon, Gr{\'e}goire
	and Orr, Genevi{\`e}ve B.
	and M{\"u}ller, Klaus-Robert",
	title="A Practical Guide to Training Restricted Boltzmann Machines",
	bookTitle="Neural Networks: Tricks of the Trade: Second Edition",
	year="2012",
	publisher="Springer Berlin Heidelberg",
	address="Berlin, Heidelberg",
	pages="599--619",
	isbn="978-3-642-35289-8",
	doi="10.1007/978-3-642-35289-8_32",
	url="http://dx.doi.org/10.1007/978-3-642-35289-8_32"
}

@article{Duchi:2011:ASM:1953048.2021068,
	author = {Duchi, John and Hazan, Elad and Singer, Yoram},
	title = {Adaptive Subgradient Methods for Online Learning and Stochastic Optimization},
	journal = {J. Mach. Learn. Res.},
	issue_date = {2/1/2011},
	volume = {12},
	month = jul,
	year = {2011},
	issn = {1532-4435},
	pages = {2121--2159},
	numpages = {39},
	url = {http://dl.acm.org/citation.cfm?id=1953048.2021068},
	acmid = {2021068},
	publisher = {JMLR.org},
} 

@article{DBLP:journals/corr/abs-1206-5533,
	author    = {Yoshua Bengio},
	title     = {Practical recommendations for gradient-based training of deep architectures},
	journal   = {CoRR},
	volume    = {abs/1206.5533},
	year      = {2012},
	url       = {http://arxiv.org/abs/1206.5533},
	timestamp = {Wed, 10 Oct 2012 21:28:53 +0200},
	biburl    = {http://dblp.uni-trier.de/rec/bib/journals/corr/abs-1206-5533},
	bibsource = {dblp computer science bibliography, http://dblp.org}
}

@article{nadam_,
	author = {Dozat, Timothy},
	citeulike-article-id = {14078556},
	citeulike-linkout-0 = {http://cs229.stanford.edu/proj2015/054\_report.pdf},
	keywords = {deep\_learning\_architectures, deep\_learning\_theory, multilayer\_networks, networks, neural, optimization},
	posted-at = {2016-06-27 19:46:38},
	priority = {2},
	title = {{Incorporating Nesterov Momentum into Adam}},
	url = {http://cs229.stanford.edu/proj2015/054\_report.pdf}
}


@article{adadelta,
	author    = {Matthew D. Zeiler},
	title     = {{ADADELTA:} An Adaptive Learning Rate Method},
	journal   = {CoRR},
	volume    = {abs/1212.5701},
	year      = {2012},
	url       = {http://arxiv.org/abs/1212.5701},
	timestamp = {Wed, 02 Jan 2013 09:49:04 +0100},
	biburl    = {http://dblp.uni-trier.de/rec/bib/journals/corr/abs-1212-5701},
	bibsource = {dblp computer science bibliography, http://dblp.org}
}


@article{adam,
	author    = {Diederik P. Kingma and
	Jimmy Ba},
	title     = {Adam: {A} Method for Stochastic Optimization},
	journal   = {CoRR},
	volume    = {abs/1412.6980},
	year      = {2014},
	url       = {http://arxiv.org/abs/1412.6980},
	timestamp = {Thu, 01 Jan 2015 19:51:08 +0100},
	biburl    = {http://dblp.uni-trier.de/rec/bib/journals/corr/KingmaB14},
	bibsource = {dblp computer science bibliography, http://dblp.org}
}

@INPROCEEDINGS{Glorot10understandingthe,
	author = {Xavier Glorot and Yoshua Bengio},
	title = {Understanding the difficulty of training deep feedforward neural networks},
	booktitle = {In Proceedings of the International Conference on Artificial Intelligence and Statistics (AISTATS’10). Society for Artificial Intelligence and Statistics},
	year = {2010}
}


@article{DBLP:journals/corr/HeZR015,
	author    = {Kaiming He and
	Xiangyu Zhang and
	Shaoqing Ren and
	Jian Sun},
	title     = {Delving Deep into Rectifiers: Surpassing Human-Level Performance on
	ImageNet Classification},
	journal   = {CoRR},
	volume    = {abs/1502.01852},
	year      = {2015},
	url       = {http://arxiv.org/abs/1502.01852},
	timestamp = {Mon, 02 Mar 2015 14:17:34 +0100},
	biburl    = {http://dblp.uni-trier.de/rec/bib/journals/corr/HeZR015},
	bibsource = {dblp computer science bibliography, http://dblp.org}
}

@article{DBLP:journals/corr/SaxeMG13,
	author    = {Andrew M. Saxe and
	James L. McClelland and
	Surya Ganguli},
	title     = {Exact solutions to the nonlinear dynamics of learning in deep linear
	neural networks},
	journal   = {CoRR},
	volume    = {abs/1312.6120},
	year      = {2013},
	url       = {http://arxiv.org/abs/1312.6120},
	timestamp = {Mon, 06 Jan 2014 15:10:41 +0100},
	biburl    = {http://dblp.uni-trier.de/rec/bib/journals/corr/SaxeMG13},
	bibsource = {dblp computer science bibliography, http://dblp.org}
}



@TechReport{m80,
	author = 	 "T. M. Mitchell",
	title = 	 "The Need for Biases in Learning Generalizations",
	institution =  "Computer Science Department, Rutgers University",
	year = 	 "1980",
	address =	 "New Brunswick, MA",
}

@article{DBLP:journals/corr/HeZR015,
	author    = {Kaiming He and
	Xiangyu Zhang and
	Shaoqing Ren and
	Jian Sun},
	title     = {Delving Deep into Rectifiers: Surpassing Human-Level Performance on
	ImageNet Classification},
	journal   = {CoRR},
	volume    = {abs/1502.01852},
	year      = {2015},
	url       = {http://arxiv.org/abs/1502.01852},
	timestamp = {Mon, 02 Mar 2015 14:17:34 +0100},
	biburl    = {http://dblp.uni-trier.de/rec/bib/journals/corr/HeZR015},
	bibsource = {dblp computer science bibliography, http://dblp.org}
}

@article{DBLP:journals/corr/SaxeMG13,
	author    = {Andrew M. Saxe and
	James L. McClelland and
	Surya Ganguli},
	title     = {Exact solutions to the nonlinear dynamics of learning in deep linear
	neural networks},
	journal   = {CoRR},
	volume    = {abs/1312.6120},
	year      = {2013},
	url       = {http://arxiv.org/abs/1312.6120},
	timestamp = {Mon, 06 Jan 2014 15:10:41 +0100},
	biburl    = {http://dblp.uni-trier.de/rec/bib/journals/corr/SaxeMG13},
	bibsource = {dblp computer science bibliography, http://dblp.org}
}

@article{DBLP:journals/corr/Ruder16,
	author    = {Sebastian Ruder},
	title     = {An overview of gradient descent optimization algorithms},
	journal   = {CoRR},
	volume    = {abs/1609.04747},
	year      = {2016},
	url       = {http://arxiv.org/abs/1609.04747},
	timestamp = {Mon, 03 Oct 2016 17:51:10 +0200},
	biburl    = {http://dblp.uni-trier.de/rec/bib/journals/corr/Ruder16},
	bibsource = {dblp computer science bibliography, http://dblp.org}
}

@article{POLYAK19641,
	title = "Some methods of speeding up the convergence of iteration methods",
	journal = "USSR Computational Mathematics and Mathematical Physics",
	volume = "4",
	number = "5",
	pages = "1 - 17",
	year = "1964",
	note = "",
	issn = "0041-5553",
	doi = "http://dx.doi.org/10.1016/0041-5553(64)90137-5",
	url = "http://www.sciencedirect.com/science/article/pii/0041555364901375",
	author = "B.T. Polyak",
	
}

@inproceedings{nesterov1983method,
	title={A method of solving a convex programming problem with convergence rate O (1/k2)},
	author={Nesterov, Yurii}
}















@inproceedings{langley00,
	author    = {P. Langley},
	title     = {Crafting Papers oen Machine Learning},
	year      = {2000},
	pages     = {1207--1216},
	editor    = {Pat Langley},
	booktitle     = {Proceedings of the 17th International Conference
	on Machine Learning (ICML 2000)},
	address   = {Stanford, CA},
	publisher = {Morgan Kaufmann}
}

@TechReport{m80,
	author = 	 "T. M. Mitchell",
	title = 	 "The Need for Biases in Learning Generalizations",
	institution =  "Computer Science Department, Rutgers University",
	year = 	 "1980",
	address =	 "New Brunswick, MA",
}

@phdthesis{kearns89,
	author = {M. J. Kearns},
	title =  {Computational Complexity of Machine Learning},
	school = {Department of Computer Science, Harvard University},
	year =   {1989}
}

@Book{MachineLearningI,
	editor = 	 "R. S. Michalski and J. G. Carbonell and T.
	M. Mitchell",
	title = 	 "Machine Learning: An Artificial Intelligence
	Approach, Vol. I",
	publisher = 	 "Tioga",
	year = 	 "1983",
	address =	 "Palo Alto, CA"
}

@Book{DudaHart2nd,
	author =       "R. O. Duda and P. E. Hart and D. G. Stork",
	title =        "Pattern Classification",
	publisher =    "John Wiley and Sons",
	edition =      "2nd",
	year =         "2000"
}

@InCollection{Newell81,
	author =       "A. Newell and P. S. Rosenbloom",
	title =        "Mechanisms of Skill Acquisition and the Law of
	Practice", 
	booktitle =    "Cognitive Skills and Their Acquisition",
	pages =        "1--51",
	publisher =    "Lawrence Erlbaum Associates, Inc.",
	year =         "1981",
	editor =       "J. R. Anderson",
	chapter =      "1",
	address =      "Hillsdale, NJ"
}


@Article{Samuel59,
	author = 	 "A. L. Samuel",
	title = 	 "Some Studies in Machine Learning Using the Game of
	Checkers",
	journal =	 "IBM Journal of Research and Development",
	year =	 "1959",
	volume =	 "3",
	number =	 "3",
	pages =	 "211--229"
}
